% Encoding: UTF-8

@Book{ISB2,
  title     = {Interaktive Systeme: Band 2: User Interface Engineering, 3D-Interaktion, Natural User Interfaces.},
  publisher = {Springer Vieweg},
  year      = {2015},
  author    = {Bernhard Preim und Raimund Dachselt},
  series    = {2. Aufl.},
  isbn      = {978-3-642-45247-5},
}

@Comment{jabref-meta: databaseType:bibtex;}
